<record><leader>00000cas a22000007a 4500</leader><controlfield tag="001">1751390</controlfield><controlfield tag="008">751101c19269999nduwr ne      0    0eng d</controlfield><controlfield tag="009">501</controlfield><datafield ind1=" " ind2=" " tag="010"><subfield code="a">sn 89074087 </subfield></datafield><datafield ind1=" " ind2=" " tag="040"><subfield code="a">MUL</subfield><subfield code="b">eng</subfield><subfield code="c">MUL</subfield><subfield code="d">NOP</subfield></datafield><datafield ind1="1" ind2=" " tag="029"><subfield code="a">AU@</subfield><subfield code="b">000025871305</subfield></datafield><datafield ind1=" " ind2=" " tag="042"><subfield code="a">msc</subfield></datafield><datafield ind1="0" ind2=" " tag="130"><subfield code="a">Grant County news (Elgin, N.D.)</subfield></datafield><datafield ind1="0" ind2="4" tag="245"><subfield code="a">The Grant County news.</subfield></datafield><datafield ind1=" " ind2=" " tag="260"><subfield code="a">Elgin, Grant County, N.D. :</subfield><subfield code="b">R.G. Beede,</subfield></datafield><datafield ind1=" " ind2=" " tag="300"><subfield code="a">v. :</subfield><subfield code="b">ill.</subfield></datafield><datafield ind1=" " ind2=" " tag="310"><subfield code="a">Weekly</subfield></datafield><datafield ind1="0" ind2=" " tag="362"><subfield code="a">Vol. 16, no. 10 (Jan. 7, 1926)-</subfield></datafield><datafield ind1=" " ind2=" " tag="500"><subfield code="a">"Official newspaper of Grant County, North Dakota," 1975-   .</subfield></datafield><datafield ind1=" " ind2=" " tag="530"><subfield code="a">Available on microfilm from the State Historical Society of North Dakota.</subfield></datafield><datafield ind1=" " ind2=" " tag="752"><subfield code="a">United States</subfield><subfield code="b">North Dakota</subfield><subfield code="c">Grant</subfield><subfield code="d">Elgin.</subfield></datafield><datafield ind1="0" ind2="0" tag="780"><subfield code="t">Elgin news</subfield><subfield code="w">(DLC)sn 89074086</subfield></datafield><datafield ind1="0" ind2="5" tag="780"><subfield code="t">New Leipzig sentinel</subfield><subfield code="w">(DLC)sn 89074091</subfield></datafield></record>